@article{Ahmad2021GPR,
  title={Prediction of Ultimate Bearing Capacity of Shallow Foundations on Cohesionless Soils: A Gaussian Process Regression Approach},
  author={Ahmad, Mahmood and Ahmad, Feezan and Wróblewski, Piotr and Al-Mansob, Ramez A and Olczak, Piotr and Kamiński, Paweł and Safdar, Muhammad and Rai, Partab},
  journal={Applied Sciences},
  volume={11},
  number={21},
  pages={10317},
  year={2021},
  publisher={MDPI},
  doi={10.3390/app112110317}
}

@article{Zhou2019,
  title={Feasibility of stochastic gradient boosting approach for evaluating seismic liquefaction potential based on SPT and CPT case histories},
  author={Zhou, Jian and Li, Edy and Wang, Manoj and Chen, Xin and Shi, Xiuzhi and Jiang, Luqi},
  journal={Journal of Performance of Constructed Facilities},
  volume={33},
  number={3},
  pages={04019024},
  year={2019},
  publisher={American Society of Civil Engineers},
  doi={10.1061/(ASCE)CF.1943-5509.0001292}
}

@inproceedings{Bliek2021,
  title={Black-box Mixed-Variable Optimisation using a Surrogate Model that Satisfies Integer Constraints},
  author={Bliek, Laurens and Guijt, Arthur and Verwer, Sicco and de Weerdt, Mathijs},
  booktitle={Proceedings of the Genetic and Evolutionary Computation Conference Companion},
  pages={1851--1859},
  year={2021},
  doi={10.1145/3449726.3463136}
}

@article{Hakyemez2024,
  title={Testing the Efficacy of Hyperparameter Optimization Algorithms in Short-Term Load Forecasting},
  author={Hakyemez, Tugrul Cabir and Adar, Omer},
  journal={arXiv preprint arXiv:2410.15047},
  year={2024}
}
