






















@article{Philibert31122022,
author = {Marilyne Philibert and Kui Yao and Matthieu Gresil and Constantinos Soutis},
title = {Lamb waves-based technologies for structural health monitoring of composite structures for aircraft applications},
journal = {European Journal of Materials},
volume = {2},
number = {1},
pages = {436--474},
year = {2022},
publisher = {Taylor \& Francis},
doi = {10.1080/26889277.2022.2094839},


URL = { 
    
        https://doi.org/10.1080/26889277.2022.2094839
    
    

},
eprint = { 
    
        https://doi.org/10.1080/26889277.2022.2094839
    
    

}

}


