@article{Song_2022,
	author  = {Dong H.  Song and Daniel M. Tartakovsky},
	title   = {TRANSFER LEARNING ON MULTIFIDELITY DATA},
	journal = {Journal of Machine Learning for Modeling and Computing},
	issn    = {2689-3967},
	year    = {2022},
	volume  = {3},
	number  = {1},
	pages   = {31--47}
}
